<?xml version="1.0" encoding="UTF-8"?><collection><record><leader>06254ntm a2200541 a 4500</leader><controlfield tag="001">006813650</controlfield><controlfield tag="003">MiAaHDL</controlfield><controlfield tag="005">20190719000000.0</controlfield><controlfield tag="006">m        d        </controlfield><controlfield tag="007">cr bn ---auaua</controlfield><controlfield tag="008">090606s1611    xx            00| ||ara d</controlfield><datafield tag="035" ind1=" " ind2=" "><subfield code="a">(MiU)006813650</subfield></datafield><datafield tag="035" ind1=" " ind2=" "><subfield code="a">sdr-miu006813650</subfield></datafield><datafield tag="040" ind1=" " ind2=" "><subfield code="a">MiU</subfield><subfield code="c">MiU</subfield><subfield code="e">amremm</subfield></datafield><datafield tag="043" ind1=" " ind2=" "><subfield code="a">n-us-mi</subfield></datafield><datafield tag="100" ind1="1" ind2=" "><subfield code="6">880-01</subfield><subfield code="a">Surūrī, Muṣliḥ al-Dīn,</subfield><subfield code="d">1492-1562.</subfield></datafield><datafield tag="245" ind1="1" ind2="0"><subfield code="6">880-02</subfield><subfield code="a">Sharḥ Surūrī ‘alá al-Marāḥ,</subfield><subfield code="f">[1020, i.e. 1611].</subfield></datafield><datafield tag="246" ind1="3" ind2=" "><subfield code="6">880-03</subfield><subfield code="i">From inscription on front flyleaf:</subfield><subfield code="a">Sharḥ al-Marāḥ</subfield></datafield><datafield tag="260" ind1=" " ind2=" "><subfield code="c">[1611].</subfield></datafield><datafield tag="300" ind1=" " ind2=" "><subfield code="a">133 leaves :</subfield><subfield code="b">paper ;</subfield><subfield code="c">200 x 130 (145 x 80) mm.</subfield></datafield><datafield tag="500" ind1=" " ind2=" "><subfield code="a">Shelfmark: Ann Arbor, University of Michigan, Special Collections Library, Isl. Ms. 624</subfield></datafield><datafield tag="500" ind1=" " ind2=" "><subfield code="a">Origin: As appears in colophon on fol.132b, copy finished late Shawwāl 1020 [December 1611].</subfield></datafield><datafield tag="500" ind1=" " ind2=" "><subfield code="a">Accompanying materials: a. Inventory cataloguing slip in hand of Winifred Smeaton Thomas. -- b. Acquisitions slip from Yahuda.</subfield></datafield><datafield tag="500" ind1=" " ind2=" "><subfield code="a">Former shelfmark: From interior of upper cover and spine label, "IL 200" (likely supplied by Yahuda, see acquisitions slip).</subfield></datafield><datafield tag="500" ind1=" " ind2=" "><subfield code="a">Binding: Pasteboards covered in a textured dull blue cloth ; Type II (with flap) ; pastedowns and flyleaves of a rough, non-laid, light brown paper ; in very good condition.</subfield></datafield><datafield tag="500" ind1=" " ind2=" "><subfield code="a">Support: European laid paper with single chain lines running horizontally spaced 27-28 mm. apart, roughly 7 per leaf and 12-13 laid lines per cm. ; watermark of crossbow inside a circle, probably Italian (compare the Mantua, 1525 mark in Wasserzeichensammlung Piccard, Nr. 123862).</subfield></datafield><datafield tag="500" ind1=" " ind2=" "><subfield code="a">Decoration: Includes two figures outlining where in the mouth sounds are produced (vocal tract diagrams) ; one of which (at p.161-162) is from a different work and has been sewn in with a single stitch ; the other is at page 163 ; although both diagrams portray the same subject, they are far from identical ; the diagram native to the codex is highly schematic, with the mouth, tongue, and lips all drawn as polygons ; the various parts of the mouth are labeled and the location where the sound of each letter is made is marked ; the inserted diagram is somewhat more crudely drawn, and the shape of the mouth is presented somewhat more organically, drawn as an oval with a curving object that presumably denotes the tongue ; in addition to labeling the parts of the mouth and where the sounds of the letters are made, this diagram also denotes the type of each tooth (molar, incisor, etc.) ; some variations in terminology, such as where ابتداء الحلق is marked (description provided by N. Gardiner) ; text rubricated with "قال" and "اقول" in red.</subfield></datafield><datafield tag="500" ind1=" " ind2=" "><subfield code="a">Script: Naskh ; Persian or Turkish hand ; sans serif ; sometimes rather sharply sloping down to the baseline ; the lām alif al-mukhaffafah and al-warrāqīyah are both used, as are closed counters for all of the maḥājir letters, a nūn with the dot incorporated, and the Persianate final kāf.</subfield></datafield><datafield tag="500" ind1=" " ind2=" "><subfield code="a">Layout: Written in 21 lines per page ; frame-ruled.</subfield></datafield><datafield tag="500" ind1=" " ind2=" "><subfield code="a">Collation: ii, VI-2 (10), 12 V (130), II-1 (133), ii ; chiefly quinions ; final four leaves blank and unmarked without missing text ; catchwords lacking ; pagination in pencil, Western numerals (supplied during cataloguing).</subfield></datafield><datafield tag="500" ind1=" " ind2=" "><subfield code="a">Colophon: "Scribal," triangular, reads: "تمت تمام بعون الله الملك المنان تحرير في اوائل شهر شوال المبارك سنة عشرين والف".</subfield></datafield><datafield tag="500" ind1=" " ind2=" "><subfield code="a">Explicit: "وحكم العين في الكلمة التي لم تجتمع فيها الاعلال ايضا كحكم عين طوي في عدم الاعلال للمتابعة نحو طويا فانه لو اعل عين طويا لم يجتمع الاعلاء لان الا انه لم يعل تبعا لطوي"</subfield></datafield><datafield tag="500" ind1=" " ind2=" "><subfield code="a">Incipit: "الحمد لله المتقدس عن الادغام والاعلال المتنزه عن النقل من حال الى حال والصلاة على محمد الصحيح الاقوال وعلى مقرونه من الصحابة والآل وبعد فيقول العبد سروري بن شعبان غفر الله لهما ولجميع اهل الايمان لما كان علم الصرف بعد اللغة مما لا بدلنا..."</subfield></datafield><datafield tag="500" ind1=" " ind2=" "><subfield code="a">Title from inscription on interior of upper cover.</subfield></datafield><datafield tag="500" ind1=" " ind2=" "><subfield code="a">Ms. codex.</subfield></datafield><datafield tag="510" ind1="4" ind2=" "><subfield code="a">Ḥājjī Khalīfah. Kashf al-ẓunūn,</subfield><subfield code="c">v 487-488, no. 11758</subfield></datafield><datafield tag="510" ind1="4" ind2=" "><subfield code="a">Brockelmann, C. GAL,</subfield><subfield code="c">II 438, SII 650 ; II 21, SII 14</subfield></datafield><datafield tag="520" ind1="8" ind2=" "><subfield code="a">A commentary on Marāḥ al-arwāḥ, a celebrated textbook of Arabic grammar by Aḥmad ibn ‘Alī ibn Mas‘ud. Description provided by Noah Gardiner.</subfield></datafield><datafield tag="538" ind1=" " ind2=" "><subfield code="a">Mode of access: Internet.</subfield></datafield><datafield tag="541" ind1=" " ind2=" "><subfield code="a">Acquired in 1926 from the bookseller Isaac Benjamin S.E. Yahuda via purchase transacted on his behalf by Abraham Shalom Yahuda (1877-1951), his younger brother.</subfield></datafield><datafield tag="546" ind1=" " ind2=" "><subfield code="a">Arabic.</subfield></datafield><datafield tag="561" ind1=" " ind2=" "><subfield code="a">Ownership statement dated 1287 [1870-1871] in the name of Hüseyin Hüsne known as Kadı Hasan Hasbî [or Hüsne?] Efendizade of Erzurum appears on front flyleaf and reads: "قد تملكه السيد حسين حسنى الشهير بقاضي حسن حسبى [حسنى؟] افندى زادة الارضرومى غفر الله له ووالده المرحوم آمين سنة ١٢۸۷" accompanied by circular seal impression reading "السيد حسين حسنى" ; a number of corrections and glosses which appear to be additions (e.g. the one on fol.37a / p.73); the majority of these appear to be in the copyist's hand and almost all marked with a "صح" ligature ; signe-de-renvoi looking something like a plant stalk is sometimes used.</subfield></datafield><datafield tag="600" ind1="1" ind2="0"><subfield code="a">Ibn Masʻūd, Aḥmad ibn ʻAlī,</subfield><subfield code="d">13th century.</subfield><subfield code="t">Marāḥ al-arwāḥ.</subfield></datafield><datafield tag="650" ind1=" " ind2="0"><subfield code="a">Manuscripts, Arabic</subfield><subfield code="z">Michigan</subfield><subfield code="z">Ann Arbor.</subfield></datafield><datafield tag="650" ind1=" " ind2="0"><subfield code="a">Arabic language</subfield><subfield code="x">Grammar</subfield><subfield code="v">Early works to 1800.</subfield></datafield><datafield tag="700" ind1="0" ind2=" "><subfield code="6">880-05</subfield><subfield code="a">Hüseyin Hüsne,</subfield><subfield code="d">fl. 1870,</subfield><subfield code="e">former owner.</subfield></datafield><datafield tag="773" ind1="0" ind2=" "><subfield code="a">Yahuda Collection.</subfield></datafield><datafield tag="880" ind1="0" ind2=" "><subfield code="6">700-05/</subfield><subfield code="a">حسين حسنى,</subfield><subfield code="e">مالك سابق.</subfield></datafield><datafield tag="880" ind1="3" ind2=" "><subfield code="6">246-03/</subfield><subfield code="a">شرح المراح</subfield></datafield><datafield tag="880" ind1="1" ind2="0"><subfield code="6">245-02/</subfield><subfield code="a">شرح سروري على المراح,</subfield><subfield code="f">[1020ه، 1611م].</subfield></datafield><datafield tag="880" ind1="1" ind2=" "><subfield code="6">100-01/</subfield><subfield code="a">سروري، مصلح الدين.</subfield></datafield><datafield tag="CID" ind1=" " ind2=" "><subfield code="a">006813650</subfield></datafield><datafield tag="DAT" ind1="0" ind2=" "><subfield code="a">20190719102638.0</subfield><subfield code="b">20190719000000.0</subfield></datafield><datafield tag="DAT" ind1="1" ind2=" "><subfield code="a">20190719090653.0</subfield><subfield code="b">2019-07-19T16:11:44Z</subfield></datafield><datafield tag="DAT" ind1="2" ind2=" "><subfield code="a">2015-10-02T18:00:03Z</subfield></datafield><datafield tag="CAT" ind1=" " ind2=" "><subfield code="a">SDR-MIU</subfield><subfield code="d">EX LIBRIS - ALEPH</subfield><subfield code="l">prepare.pl-004-008</subfield></datafield><datafield tag="FMT" ind1=" " ind2=" "><subfield code="a">BK</subfield></datafield><datafield tag="HOL" ind1=" " ind2=" "><subfield code="0">sdr-miu006813650</subfield><subfield code="a">MiU</subfield><subfield code="b">SDR</subfield><subfield code="c">MIU</subfield><subfield code="p">mdp.39015079128388</subfield><subfield code="s">MIU</subfield><subfield code="1">006813650</subfield></datafield><datafield tag="974" ind1=" " ind2=" "><subfield code="b">MIU</subfield><subfield code="c">MIU</subfield><subfield code="d">20190719</subfield><subfield code="s">lit-dlps-dc</subfield><subfield code="u">mdp.39015079128388</subfield><subfield code="y">1611</subfield><subfield code="r">pd</subfield><subfield code="q">bib</subfield><subfield code="t">non-US bib date1 &lt; 1879</subfield></datafield></record></collection>